@INPROCEEDINGS{790410, 
author={Lowe, D.G.}, 
booktitle={Computer Vision, 1999. The Proceedings of the Seventh IEEE International Conference on}, title={Object recognition from local scale-invariant features}, 
year={1999}, 
month={}, 
volume={2}, 
number={}, 
pages={1150 -1157 vol.2}, 
keywords={Computer science;Electrical capacitance tomography;Filters;Image recognition;Layout;Lighting;Neurons;Object recognition;Programmable logic arrays;Reactive power;computational geometry;feature extraction;image matching;least squares approximations;object recognition;3D projection;blurred image gradients;candidate object matches;cluttered partially occluded images;computation time;inferior temporal cortex;local geometric deformations;local image features;local scale-invariant features;low residual least squares solution;multiple orientation planes;nearest neighbor indexing method;primate vision;robust object recognition;staged filtering approach;unknown model parameters;}, 
doi={10.1109/ICCV.1999.790410}, 
ISSN={},}

@INPROCEEDINGS{1541280, 
author={Sivic, J. and Russell, B.C. and Efros, A.A. and Zisserman, A. and Freeman, W.T.}, 
booktitle={Computer Vision, 2005. ICCV 2005. Tenth IEEE International Conference on}, title={Discovering objects and their location in images}, 
year={2005}, 
month={oct.}, 
volume={1}, 
number={}, 
pages={ 370 - 377 Vol. 1}, 
keywords={Clustering algorithms;Computer vision;Frequency;Graphical models;Histograms;Image segmentation;Labeling;Object detection;Random variables;Vocabulary; image classification; image representation; image segmentation; vector quantisation; SIFT-like region descriptor; image classification; image segmentation; object category; object discovery; object location; probabilistic latent semantic analysis; text analysis; topic discovery approach; unsupervised analysis; word visual analogue;}, 
doi={10.1109/ICCV.2005.77}, 
ISSN={1550-5499},}

@article{Bay2008,
 author = {Bay, Herbert and Ess, Andreas and Tuytelaars, Tinne and Van Gool, Luc},
 title = {Speeded-Up Robust Features (SURF)},
 journal = {Comput. Vis. Image Underst.},
 issue_date = {June, 2008},
 volume = {110},
 number = {3},
 month = jun,
 year = {2008},
 issn = {1077-3142},
 pages = {346--359},
 numpages = {14},
 url = {http://dx.doi.org/10.1016/j.cviu.2007.09.014},
 doi = {10.1016/j.cviu.2007.09.014},
 acmid = {1370556},
 publisher = {Elsevier Science Inc.},
 address = {New York, NY, USA},
 keywords = {Camera calibration, Feature description, Interest points, Local features, Object recognition},
} 

