@article{
Halletal2009,
	author = { Hall, M. and Frank, E. and Holmes, G. and Pfahringer, B. and Reutemann, P. and 		Witten, I. H. },
	title = {The WEKA Data Mining Software: An Update},
	journal = {SIGKDD Explorations},
	volume = {11],
	issue = {1},
	year = {2009} }
	

