@INPROCEEDINGS{5470421,
author={Kamil, S. and Cy Chan and Oliker, L. and Shalf, J. and Williams, S.},
booktitle={Parallel Distributed Processing (IPDPS), 2010 IEEE International Symposium on}, title={An auto-tuning framework for parallel multicore stencil computations},
year={2010},
month={april},
volume={},
number={},
pages={1 -12},
keywords={AMD Barcelona;CUDA;Intel Nehalem;NVIDIA GPU;Sun Victoria Falls;algorithmic adaptability;architectural efficiency;architectural resources;computation pattern;computer architectures;domain-specific auto-tuners;multicore systems;parallel implementations;parallel multicore stencil computations;performance portability;programmer productivity;reference serial implementation;sequential Fortran 95 stencil expression;single kernel instantiations;stencil auto-tuning framework;stencil kernels;FORTRAN;microprocessor chips;parallel architectures;},
doi={10.1109/IPDPS.2010.5470421},
ISSN={1530-2075},}

@inproceedings{DBLP:conf/spaa/TangCKLL11,
  author    = {Yuan Tang and
               Rezaul Alam Chowdhury and
               Bradley C. Kuszmaul and
               Chi-Keung Luk and
               Charles E. Leiserson},
  title     = {The pochoir stencil compiler},
  booktitle = {SPAA},
  year      = {2011},
  pages     = {117-128},
  ee        = {http://doi.acm.org/10.1145/1989493.1989508},
  crossref  = {DBLP:conf/spaa/2011},
  bibsource = {DBLP, http://dblp.uni-trier.de}
}

@proceedings{DBLP:conf/spaa/2011,
  editor    = {Rajmohan Rajaraman and
               Friedhelm Meyer auf der Heide},
  title     = {SPAA 2011: Proceedings of the 23rd Annual ACM Symposium
               on Parallelism in Algorithms and Architectures, San Jose,
               CA, USA, June 4-6, 2011 (Co-located with FCRC 2011)},
  booktitle = {SPAA},
  publisher = {ACM},
  year      = {2011},
  isbn      = {978-1-4503-0743-7},
  bibsource = {DBLP, http://dblp.uni-trier.de}
}

@misc{MPI-2.2,
  author={{MPI Forum}},
  title={{\textsf{MPI}: A Message-Passing Interface Standard. Version 2.2}},
  note={available at: \url{http://www.mpi-forum.org} (Dec. 2009)},
  month={September 4th},
  year={2009},
}

@article{li,
 author = {Li, Zhiyuan and Song, Yonghong},
 title = "{Automatic Tiling of Iterative Stencil Loops}",
 journal = {ACM TOPLAS},
 volume = {26},
 number = {6},
 year = {2004},
 pages = {975--1028},
 }

@inproceedings{meng,
 author = {Meng, Jiayuan and Skadron, Kevin},
 title = "{Performance Modeling and Automatic Ghost Zone Optimization for Iterative Stencil Loops on GPUs}",
 booktitle = {23rd International Conference on Supercomputing},
 year = {2009},
 pages = {256--265},
 location = {Yorktown Heights, NY},
 }

@inproceedings{cm2,
 author = {Brickner, Ralph and George, William and Johnsson, S. Lennart and Ruttenberg, Alan},
 title = "{A Stencil Compiler for the Connection Machine Models CM-2/200}",
 booktitle = {Fourth Workshop on Compilers for Parallel Computers},
 year = {1993},
 }

@inproceedings{kamil,
 author = {Kamil, Shoaib and Datta, Kaushik and Williams, Samuel and Oliker, Leonid and Shalf, John and Yelick, Katherine},
 title = "{Implicit and Explicit Optimizations for Stencil Computations}",
 booktitle = {Workshop on Memory System Performance and Correctness},
 year = {2006},
 pages = {51--60},
 location = {San Jose, California},
 }

@inproceedings{Micikevicius,
 author = {Micikevicius, Paulius},
 title = "{3D Finite Difference Computation on GPUs using CUDA}",
 booktitle = {2nd Workshop on General Purpose Processing on Graphics Processing Units},
 year = {2009},
 pages = {79--84},
 location = {Washington, D.C.},
 }

@article{openmp2gpu,
 author = {Lee, Seyong and Min, Seung-Jai and Eigenmann, Rudolf},
 title = "{OpenMP to GPGPU: A Compiler Framework for Automatic Translation and Optimization}",
 journal = {SIGPLAN Notices},
 volume = {44},
 number = {4},
 year = {2009},
 pages = {101--110},
 }

@inproceedings{cudalite,
 author = {Ueng, Sain-Zee and Lathara, Melvin and Baghsorkhi, Sara S. and Hwu, Wen-Mei W.},
 title = "{CUDA-Lite: Reducing GPU Programming Complexity}",
 booktitle = "{21st Workshop on Languages and Compilers for Parallel Computing}",
 year = {2008},
 pages = {1--15},
 address = {Berlin, Heidelberg},
 }

@techreport{volkov,
 author = "{Volkov, Vasily and Demmel, James}",
 title = "{LU, QR and Cholesky Factorizations using Vector Capabilities of GPUs}",
 institution="{University of California at Berkeley}",
 year = {2008},
 number = "{UCB/EECS-2008-49}",
 month = "May",
 }

@article{hotspot,
 author = {Skadron, Kevin and Stan, Mircea R. and Sankaranarayanan, Karthik and Huang, Wei and Velusamy, Sivakumar and Tarjan, David},
 title = "{Temperature-Aware Microarchitecture: Modeling and Implementation}",
 journal = {ACM TACO},
 volume = {1},
 number = {1},
 year = {2004},
 pages = {94--125},
 address = {New York, NY},
 }

@article{CUDA1,
author = {Lindholm, E. and Nickolls, J. and Oberman, S. and Montrym, J.},
title = "{NVIDIA Tesla: A Unified Graphics and Computing Architecture}",
journal={IEEE Micro}, 
volume = {28},
number = {2},
year = {2008},
pages = {39--55},
address = {Los Alamitos, CA},
}

@article{Mashey,
 author = {Mashey, John R.},
 title = "{War of the Benchmark Means: Time for a Truce}",
 journal = {SIGARCH Computer Architecture News},
 volume = {32},
 number = {4},
 year = {2004},
 pages = {1--14},
 address = {New York, NY},
 }

@inproceedings{ypnos,
 author = {Orchard, Dominic A. and Bolingbroke, Max and Mycroft, Alan},
 title = "{Ypnos: Declarative, Parallel Structured Grid Programming}",
 booktitle = {5th Workshop on Declarative Aspects of Multicore Programming},
 year = {2010},
 pages = {15--24},
 location = {Madrid, Spain},
 address = {New York},
 }

@ARTICLE{Fermi,
author={Nickolls, J. and Dally, W.J.}, 
journal={IEEE Micro}, 
title= "{The GPU Computing Era}", 
year={2010}, 
month={March-April}, 
volume={30}, 
number={2}, 
pages={56 -69}, 
}
                  
@article{CUDA2,
 author = {Nickolls, John and Buck, Ian and Garland, Michael and Skadron, Kevin},
 title = "{Scalable Parallel Programming with CUDA}",
 journal = {Queue},
 volume = {6},
 number = {2},
 year = {2008},
 pages = {40--53},
 address = {New York, NY},
 }

@ARTICLE{OpenCL,
author={Stone, J.E. and Gohara, D. and Guochun Shi}, 
title= "{OpenCL: A Parallel Programming Standard for Heterogeneous Computing Systems}", 
journal={Computing in Science Engineering}, 
year={2010}, 
month={May-June}, 
volume={12}, 
number={3}, 
pages={66--73}, 
}

@book{pthreads,
 author = {Nichols, Bradford and Buttlar, Dick and Farrell, Jacqueline Proulx},
 title = "{Pthreads Programming}",
 year = {1996},
 publisher = {O'Reilly \& Associates, Inc.},
 address = {Sebastopol, CA},
 }

@book{OpenMP,
 author = {Chapman, Barbara and Jost, Gabriele and Pas, Ruud van der},
 title = "{Using OpenMP: Portable Shared Memory Parallel Programming (Scientific and Engineering Computation)}",
 year = {2007},
 publisher = {The MIT Press},
 }

@inproceedings{Ryoo,
 author = {Ryoo, Shane and Rodrigues, Christopher I. and Baghsorkhi, Sara S. and Stone, Sam S. and Kirk, David B. and Hwu, Wen-mei W.},
 title = "{Optimization Principles and Application Performance Evaluation of a Multithreaded GPU using CUDA}",
 booktitle = {Principles and Practice of Parallel Programming},
 year = {2008},
 pages = {73--82},
 location = {Salt Lake City, UT},
 address = {New York},
 }

@inproceedings{AutoTuning,
 author = {Datta, Kaushik and Murphy, Mark and Volkov, Vasily and Williams, Samuel and Carter, Jonathan and Oliker, Leonid and Patterson, David and Shalf, John and Yelick, Katherine},
 title = "{Stencil Computation Optimization and Auto-tuning on State-of-the-art Multicore Architectures}",
 booktitle = {Conference on Supercomputing},
 year = {2008},
 pages = {1--12},
 location = {Austin, Texas},
 address = {Piscataway, NJ},
 }

@inproceedings{Bassetti:1998:OTS:646894.709707,
 author = {Bassetti, Federico and Davis, Kei and Quinlan, Daniel J.},
 title = {Optimizing Transformations of Stencil Operations for Parallel Object-Oriented Scientific Frameworks on Cache-Based Architectures},
 booktitle = {Proceedings of the Second International Symposium on Computing in Object-Oriented Parallel Environments},
 series = {ISCOPE '98},
 year = {1998},
 isbn = {3-540-65387-2},
 pages = {107--118},
 numpages = {12},
 acmid = {709707},
 publisher = {Springer-Verlag},
 address = {London, UK},
} 

@inproceedings{Nguyen:2010:BOS:1884643.1884658,
 author = {Nguyen, Anthony and Satish, Nadathur and Chhugani, Jatin and Kim, Changkyu and Dubey, Pradeep},
 title = {3.5-D Blocking Optimization for Stencil Computations on Modern CPUs and GPUs},
 booktitle = {Proceedings of the 2010 ACM/IEEE International Conference for High Performance Computing, Networking, Storage and Analysis},
 series = {SC '10},
 year = {2010},
 isbn = {978-1-4244-7559-9},
 pages = {1--13},
 numpages = {13},
 doi = {http://dx.doi.org/10.1109/SC.2010.2},
 acmid = {1884658},
 publisher = {IEEE Computer Society},
 address = {Washington, DC, USA},
} 

@article{10.1109/IPDPS.2011.70,
author = {Matthias Christen and Olaf Schenk and Helmar Burkhart},
title = {PATUS: A Code Generation and Autotuning Framework for Parallel Iterative Stencil Computations on Modern Microarchitectures},
journal ={Parallel and Distributed Processing Symposium, International},
volume = {0},
issn = {1530-2075},
year = {2011},
pages = {676-687},
doi = {http://doi.ieeecomputersociety.org/10.1109/IPDPS.2011.70},
publisher = {IEEE Computer Society},
address = {Los Alamitos, CA, USA},
}
