@article{li,
 author = {Li, Zhiyuan and Song, Yonghong},
 title = "{Automatic tiling of iterative stencil loops}",
 journal = {ACM Trans. Program. Lang. Syst.},
 volume = {26},
 number = {6},
 year = {2004},
 issn = {0164-0925},
 pages = {975--1028},
 doi = {http://doi.acm.org/10.1145/1034774.1034777},
 publisher = {ACM},
 }

@inproceedings{meng,
 author = {Meng, Jiayuan and Skadron, Kevin},
 title = "{Performance modeling and automatic ghost zone optimization for iterative stencil loops on GPUs}",
 booktitle = {ICS '09: Proceedings of the 23rd international conference on Supercomputing},
 year = {2009},
 isbn = {978-1-60558-498-0},
 pages = {256--265},
 location = {Yorktown Heights, NY, USA},
 doi = {http://doi.acm.org/10.1145/1542275.1542313},
 publisher = {ACM},
 }

@inproceedings{cm2,
 author = {Brickner, Ralph and George, William and Johnsson, S. Lennart and Ruttenberg, Alan},
 title = "{A Stencil compiler for the Connection Machine models CM-2/200}",
 booktitle = {Fourth Workshop on Compilers for Parallel Computers},
 year = {1993},
 }

@inproceedings{kamil,
 author = {Kamil, Shoaib and Datta, Kaushik and Williams, Samuel and Oliker, Leonid and Shalf, John and Yelick, Katherine},
 title = {Implicit and explicit optimizations for stencil computations},
 booktitle = {MSPC '06: Proceedings of the 2006 workshop on Memory system performance and correctness},
 year = {2006},
 isbn = {1-59593-578-9},
 pages = {51--60},
 location = {San Jose, California},
 doi = {http://doi.acm.org/10.1145/1178597.1178605},
 publisher = {ACM},
 }

@inproceedings{Micikevicius,
 author = {Micikevicius, Paulius},
 title = "{3D finite difference computation on GPUs using CUDA}",
 booktitle = {GPGPU-2: Proceedings of 2nd Workshop on General Purpose Processing on Graphics Processing Units},
 year = {2009},
 isbn = {978-1-60558-517-8},
 pages = {79--84},
 location = {Washington, D.C.},
 doi = {http://doi.acm.org/10.1145/1513895.1513905},
 publisher = {ACM},
 }

@article{openmp,
 author = {Lee, Seyong and Min, Seung-Jai and Eigenmann, Rudolf},
 title = "{OpenMP to GPGPU: a compiler framework for automatic translation and optimization}",
 journal = {SIGPLAN Not.},
 volume = {44},
 number = {4},
 year = {2009},
 issn = {0362-1340},
 pages = {101--110},
 doi = {http://doi.acm.org/10.1145/1594835.1504194},
 publisher = {ACM},
 }

@inproceedings{cudalite,
 author = {Ueng, Sain-Zee and Lathara, Melvin and Baghsorkhi, Sara S. and Hwu, Wen-Mei W.},
 title = "{CUDA-Lite: Reducing GPU Programming Complexity}",
 booktitle = "{Languages and Compilers for Parallel Computing: 21th International Workshop}",
 year = {2008},
 isbn = {978-3-540-89739-2},
 pages = {1--15},
 doi = {http://dx.doi.org/10.1007/978-3-540-89740-8_1},
 publisher = {Springer-Verlag},
 address = {Berlin, Heidelberg},
 }

@techreport{volkov,
 author = "{Volkov, Vasily and Demmel, James}",
 title = "{LU, QR and Cholesky factorizations using vector capabilities of GPUs}",
 institution="{University of California at Berkeley}",
 year = {2008},
 number = "{UCB/EECS-2008-49}",
 month = "May",
 }

@article{hotspot,
 author = {Skadron, Kevin and Stan, Mircea R. and Sankaranarayanan, Karthik and Huang, Wei and Velusamy, Sivakumar and Tarjan, David},
 title = {Temperature-aware microarchitecture: Modeling and implementation},
 journal = {ACM Trans. Archit. Code Optim.},
 volume = {1},
 number = {1},
 year = {2004},
 issn = {1544-3566},
 pages = {94--125},
 doi = {http://doi.acm.org/10.1145/980152.980157},
 publisher = {ACM},
 address = {New York, NY, USA},
 }
